@article{dokumentacja,
    author = "Mateusz Adamiec, Maciej Ejduk, Aleksandra Gajda",
    title = "Analiza biznesowa w ramach przedmiotu \textit{projekt zespołowy}",
    year = "2022",
    keywords = "Dokumentacja, wymagania"
}

@online{licence,
    author    = "Epic",
    title     = "Unreal® Engine End User License Agreement",
    url       = "https://www.unrealengine.com/en-US/eula/unreal",
    addendum = "(dostęp: 09.11.2022)",
    keywords  = "licence,unreal engine"
}